@INPROCEEDINGS{6909619,
author={A. {Karpathy} and G. {Toderici} and S. {Shetty} and T. {Leung} and R. {Sukthankar} and L. {Fei-Fei}},
booktitle={2014 IEEE Conference on Computer Vision and Pattern Recognition},
title={Large-Scale Video Classification with Convolutional Neural Networks},
year={2014},
volume={},
number={},
pages={1725-1732},
keywords={image classification;image motion analysis;multimedia computing;neural nets;social networking (online);spatiotemporal phenomena;video signal processing;video classification;convolutional neural networks;CNN;image recognition problems;YouTube videos;local spatiotemporal information;spatiotemporal networks;feature-based baselines;UCF-101 action recognition dataset;UCF-101 baseline model;Streaming media;Training;Computer architecture;Spatial resolution;Computational modeling;Feature extraction;convolutional;neural;network;video;classification;action;recognition;large-scale;dataset;sports},
doi={10.1109/CVPR.2014.223},
ISSN={1063-6919},
month={June},}