@article{Kussul2017,
    title = {{Deep Learning Classification of Land Cover and Crop Types Using Remote Sensing Data}},
    year = {2017},
    journal = {IEEE Geoscience and Remote Sensing Letters},
    author = {Kussul, N and Lavreniuk, M and Skakun, S and Shelestov, A},
    number = {5},
    pages = {778--782},
    volume = {14},
    isbn = {1545-598X VO  - 14},
    doi = {10.1109/LGRS.2017.2681128},
    issn = {1545-598X},
    keywords = {crops;image segmentation;land cover;multilayer per}
}

@article{Somos2017ColombiaIlicitos,
    title = {{Colombia activa sistema integrado de informaci{\'{o}}n y monitoreo de cultivos il{\'{i}}citos}},
    year = {2017},
    author = {Somos, Quienes and Nosotros, Paute C O N},
    pages = {1--6}
}

@article{SepulvedaColombiaProject,
    title = {{Colombia Eradication of Illicit Crops – SIIMA Project}},
    author = {Sepulveda, Alexander Lozano and Leader, Narcotics Group and Police, National and Calvo, Ingrid Simon and Narcotics, International and Environmental, Enforcement and Advisor, Scientific}
}

@article{OficinadelasNacionesUnidascontralaDrogayelDelitoUNODC2016Colombia:2015,
    title = {{Colombia: Monitoreo de territorios afectados por cultivos il{\'{i}}citos 2015}},
    year = {2016},
    journal = {Unodc},
    author = {{Oficina de las Naciones Unidas contra la Droga y el Delito UNODC}},
    pages = {146},
    isbn = {2011-0596}
}

@article{OficinadelasNacionesUnidascontralaDrogayelDelito2016ExplotacionAluvion,
    title = {{Explotaci{\'{o}}n de oro de aluvi{\'{o}}n}},
    year = {2016},
    author = {{Oficina de las Naciones Unidas contra la Droga y el Delito}}
}

@article{Wang2017FusionData,
    title = {{Fusion of Landsat 8 OLI and Sentinel-2 MSI Data}},
    year = {2017},
    journal = {IEEE Transactions on Geoscience and Remote Sensing},
    author = {Wang, Qunming and Blackburn, George Alan and Onojeghuo, Alex O. and Dash, Jadunandan and Zhou, Lingquan and Zhang, Yihang and Atkinson, Peter M.},
    number = {7},
    pages = {3885--3899},
    volume = {55},
    doi = {10.1109/TGRS.2017.2683444},
    issn = {01962892},
    keywords = {Downscaling, Landsat 8 Operational Land Imager (OLI), Sentinel-2 Multispectral Imager (MSI), global monitoring, image fusion}
}

@article{Jones2019Kernel-basedNetworks,
    title = {{Kernel-based Translations of Convolutional Networks}},
    year = {2019},
    author = {Jones, Corinne and Roulet, Vincent and Harchaoui, Zaid},
    url = {http://arxiv.org/abs/1903.08131},
    arxivId = {1903.08131}
}

@article{Nevada2017MetodologiaCoca,
    title = {{Metodolog{\'{i}}a ampliada Censo de Cultivos de Coca}},
    year = {2017},
    author = {Nevada, Sierra}
}

@article{UNODC2017Monitoreo2017,
    title = {{Monitoreo de territorios afectados por cultivos il{\'{i}}citos 2016 Julio 2017}},
    year = {2017},
    journal = {Oficina de las Naciones Unidas contra la Droga y el delito},
    author = {{UNODC}},
    pages = {217},
    url = {http://www.odc.gov.co/Portals/1/publicaciones/pdf/oferta/censos/OF0201
    2016\_monitoreo\_territorios\_afectados\_cultivos\_ilicitos\_2016.pdf}
}

@article{Ardila2015MultitemporalColombia,
    title = {{Multitemporal Spatial risk index of illicit crops in Colombia}},
    year = {2015},
    author = {Ardila, Juan Pablo and Rojas, Juan Gabriel and Vargas, Rafael},
    keywords = {2015 Esri, 2015 Esri User Conference—Presentation, 2015 Esri}
}

@article{Wang2018Spatio-temporalImages,
    title = {{Spatio-temporal fusion for daily Sentinel-2 images}},
    year = {2018},
    journal = {Remote Sensing of Environment},
    author = {Wang, Qunming and Atkinson, Peter M.},
    number = {October 2017},
    pages = {31--42},
    volume = {204},
    publisher = {Elsevier},
    url = {https://doi.org/10.1016/j.rse.2017.10.046},
    doi = {10.1016/j.rse.2017.10.046},
    issn = {00344257},
    keywords = {Downscaling, Image fusion, Sentinel-2, Sentinel-3}
}

@inproceedings{LampertKernel,
author = {Lampert, Christoph and Blaschko, Matthew},
year = {2008},
month = {06},
pages = {31-40},
title = {A Multiple Kernel Learning Approach to Joint Multi-class Object Detection},
volume = {5096},
journal = {Pattern Recognition: Proceedings of the 30th DAGM Symposium, 31-40 (2008)},
doi = {10.1007/978-3-540-69321-5_4}
}

@incollection{NIPS2014_5348,
title = {Convolutional Kernel Networks},
author = {Mairal, Julien and Koniusz, Piotr and Harchaoui, Zaid and Schmid, Cordelia},
booktitle = {Advances in Neural Information Processing Systems 27},
editor = {Z. Ghahramani and M. Welling and C. Cortes and N. D. Lawrence and K. Q. Weinberger},
pages = {2627--2635},
year = {2014},
publisher = {Curran Associates, Inc.},
url = {http://papers.nips.cc/paper/5348-convolutional-kernel-networks.pdf}
}

@article{DBLP:journals/corr/abs-1904-03955,
  author    = {Chen Wang and
               Jianfei Yang and
               Lihua Xie and
               Junsong Yuan},
  title     = {Kervolutional Neural Networks},
  journal   = {CoRR},
  volume    = {abs/1904.03955},
  year      = {2019},
  url       = {http://arxiv.org/abs/1904.03955},
  archivePrefix = {arXiv},
  eprint    = {1904.03955},
  timestamp = {Thu, 25 Apr 2019 13:55:01 +0200},
  biburl    = {https://dblp.org/rec/bib/journals/corr/abs-1904-03955},
  bibsource = {dblp computer science bibliography, https://dblp.org}
}

@article{kaggledstl2017,
author={Satellite Imagery, DigitalGlobe Inc.},
title={Dstl Satellite Imagery Feature Detection},
year={2017}
}

@article{maggiori2016convolutional,
  title={Convolutional neural networks for large-scale remote-sensing image classification},
  author={Maggiori, Emmanuel and Tarabalka, Yuliya and Charpiat, Guillaume and Alliez, Pierre},
  journal={IEEE Transactions on Geoscience and Remote Sensing},
  volume={55},
  number={2},
  pages={645--657},
  year={2016},
  publisher={IEEE}
}

@article{fukushima1980neocognitron,
  title={Neocognitron: A self-organizing neural network model for a mechanism of pattern recognition unaffected by shift in position},
  author={Fukushima, Kunihiko},
  journal={Biological cybernetics},
  volume={36},
  number={4},
  pages={193--202},
  year={1980},
  publisher={Springer}
}

@article{liu2017survey,
  title={A survey of deep neural network architectures and their applications},
  author={Liu, Weibo and Wang, Zidong and Liu, Xiaohui and Zeng, Nianyin and Liu, Yurong and Alsaadi, Fuad E},
  journal={Neurocomputing},
  volume={234},
  pages={11--26},
  year={2017},
  publisher={Elsevier}
}