@article{basheer2000artificial,
  title={Artificial neural networks: fundamentals, computing, design, and application},
  author={Basheer, Imad A and Hajmeer, Maha},
  journal={Journal of microbiological methods},
  volume={43},
  number={1},
  pages={3--31},
  year={2000},
  publisher={Elsevier}
}