@book{ravishanker2001first,
  title={A First Course in Linear Model Theory},
  author={Ravishanker, N. and Dey, D.K.},
  isbn={9781584882473},
  lccn={20010537},
  series={Chapman \& Hall/CRC Texts in Statistical Science},
  url={https://books.google.com.co/books?id=Sr4PyIP9xBMC},
  year={2001},
  publisher={Taylor \& Francis}
}
@book{rencher2008linear,
  title={Linear models in statistics},
  author={Rencher, Alvin C and Schaalje, G Bruce},
  year={2008},
  publisher={John Wiley \& Sons}
}